@book{hanning2011high,
  title={High Precision Camera Calibration},
  author={Hanning, T.},
  isbn={9783834898302},
  series={Vieweg + Teubner research},
  year={2011},
  publisher={Vieweg+Teubner Verlag / Springer Fachmedien Wiesbaden GmbH, Wiesbaden}
}

@book{shumaker2011virtual,
  title={Virtual and Mixed Reality - New Trends, Part I: International Conference, Virtual and Mixed Reality 2011, Held as Part of HCI International 2011, Orlando, FL, USA, July 9-14, 2011, Proceedings},
  author={Shumaker, R.},
  isbn={9783642220203},
  lccn={2011929869},
  series={Information Systems and Applications, incl. Internet/Web, and HCI},
  year={2011},
  publisher={Springer}
}

@book{tillapaugh2008indirect,
  title={Indirect Camera Calibration in a Medical Environment},
  author={Tillapaugh, B.H. and Rochester Institute of Technology. Computer Engineering},
  isbn={9780549934479},
  year={2008},
  publisher={Rochester Institute of Technology}
}

@book{bradski2008learning,
  title={Learning OpenCV: Computer Vision with the OpenCV Library},
  author={Bradski, G. and Kaehler, A.},
  isbn={9780596554040},
  year={2008},
  publisher={O'Reilly Media}
}

@book{bajramovic2010self,
  title={Self-Calibration of Multi-Camera Systems},
  author={Bajramovic, F.},
  isbn={9783832527365},
  year={2010},
  publisher={Logos Verlag Berlin}
}
